@article{FoundryCost,
    author    = "Woodward Yang",
    title     = "The New Economics of Semiconductor Manufacturing",
    journal   = "IEEE Spectrum",
    %volume   = "",
    %number   = "",
    %pages    = "",
    year      = "2008",
    %month    = "",
    %note     = "",
}

@inproceedings{roy2008epic,
  title={EPIC: Ending piracy of integrated circuits},
  author={Roy, Jarrod A and Koushanfar, Farinaz and Markov, Igor L},
  booktitle={Proceedings of the conference on Design, automation and test in Europe},
  pages={1069--1074},
  year={2008},
  organization={ACM}
}